% Suggested by Tom Halmos:
@inproceedings{ronneberger2015u,
  title={U-net: Convolutional networks for biomedical image segmentation},
  author={Ronneberger, Olaf and Fischer, Philipp and Brox, Thomas},
  booktitle={International Conference on Medical image computing and computer-assisted intervention},
  pages={234--241},
  year={2015},
  organization={Springer}
}

@article{lugagne2019delta,
  title={DeLTA: Automated cell segmentation, tracking, and lineage reconstruction using deep learning},
  author={Lugagne, Jean-Baptiste and Lin, Haonan and Dunlop, Mary J},
  journal={bioRxiv},
  pages={720615},
  year={2019},
  publisher={Cold Spring Harbor Laboratory}
}

% Suggested by Andre Brown:
@article{bove2017local,
  title={Local cellular neighborhood controls proliferation in cell competition},
  author={Bove, Anna and Gradeci, Daniel and Fujita, Yasuyuki and Banerjee, Shiladitya and Charras, Guillaume and Lowe, Alan R},
  journal={Molecular biology of the cell},
  volume={28},
  number={23},
  pages={3215--3228},
  year={2017},
  publisher={Am Soc Cell Biol}
}

@article{bannon2018dynamic,
  title={Dynamic allocation of computational resources for deep learning-enabled cellular image analysis with Kubernetes},
  author={Bannon, Dylan and Moen, Erick and Schwartz, Morgan and Borba, Enrico and Cui, Sunny and Huang, Kevin and Ho, Andrew and Camplisson, Isabella and Koe, Nora and Kyme, Daniel and others},
  year={2018}
}

@article{yang2019nuset,
  title={NuSeT: A Deep Learning Tool for Reliably Separating and Analyzing Crowded Cells},
  author={Yang, Linfeng and Ghosh, Rajarshi P and Franklin, J Matthew and You, Chenyu and Liphardt, Jan T},
  journal={bioRxiv},
  pages={749754},
  year={2019},
  publisher={Cold Spring Harbor Laboratory}
}

@article{von2020zerocostdl4mic,
  title={ZeroCostDL4Mic: an open platform to simplify access and use of Deep-Learning in Microscopy},
  author={Von Chamier, Lucas and Jukkala, Johanna and Spahn, Christoph and Lerche, Martina and Hern{\'a}ndez-P{\'e}rez, Sara and Mattila, Pieta and Karinou, Eleni and Holden, Seamus and Solak, Ahmet Can and Krull, Alexander and others},
  journal={BioRxiv},
  year={2020},
  publisher={Cold Spring Harbor Laboratory}
}

% Suggested by Alexis Barr:
@article{barr2017dna,
  title={DNA damage during S-phase mediates the proliferation-quiescence decision in the subsequent G1 via p21 expression},
  author={Barr, Alexis R and Cooper, Samuel and Heldt, Frank S and Butera, Francesca and Stoy, Henriette and Mansfeld, J{\"o}rg and Nov{\'a}k, B{\'e}la and Bakal, Chris},
  journal={Nature communications},
  volume={8},
  number={1},
  pages={1--17},
  year={2017},
  publisher={Nature Publishing Group}
}

@article{zerjatke2017quantitative,
  title={Quantitative cell cycle analysis based on an endogenous all-in-one reporter for cell tracking and classification},
  author={Zerjatke, Thomas and Gak, Igor A and Kirova, Dilyana and Fuhrmann, Markus and Daniel, Katrin and Gonciarz, Magdalena and M{\"u}ller, Doris and Glauche, Ingmar and Mansfeld, J{\"o}rg},
  journal={Cell reports},
  volume={19},
  number={9},
  pages={1953--1966},
  year={2017},
  publisher={Elsevier}
}
