@article{xu1996convergence,
  title={On convergence properties of the EM algorithm for Gaussian mixtures},
  author={Xu, Lei and Jordan, Michael I},
  journal={Neural computation},
  volume={8},
  number={1},
  pages={129--151},
  year={1996},
  publisher={MIT Press}
}

@article{lecun2015lenet,
  title={LeNet-5, convolutional neural networks},
  author={LeCun, Yann and others},
  journal={URL: http://yann. lecun. com/exdb/lenet},
  volume={20},
  pages={5},
  year={2015}
}

@article{lecun1998gradient,
  title={Gradient-based learning applied to document recognition},
  author={LeCun, Yann and Bottou, L{\'e}on and Bengio, Yoshua and Haffner, Patrick},
  journal={Proceedings of the IEEE},
  volume={86},
  number={11},
  pages={2278--2324},
  year={1998},
  publisher={Ieee}
}

@inproceedings{nair2010rectified,
  title={Rectified linear units improve restricted boltzmann machines},
  author={Nair, Vinod and Hinton, Geoffrey E},
  booktitle={Proceedings of the 27th international conference on machine learning (ICML-10)},
  pages={807--814},
  year={2010}
}

@inproceedings{scherer2010evaluation,
  title={Evaluation of pooling operations in convolutional architectures for object recognition},
  author={Scherer, Dominik and M{\"u}ller, Andreas and Behnke, Sven},
  booktitle={International conference on artificial neural networks},
  pages={92--101},
  year={2010},
  organization={Springer}
}

@article{kalman1960new,
  title={A new approach to linear filtering and prediction problems},
  author={Kalman, Rudolph Emil},
  year={1960}
}

@article{held2010cellcognition,
  title={CellCognition: time-resolved phenotype annotation in high-throughput live cell imaging},
  author={Held, Michael and Schmitz, Michael HA and Fischer, Bernd and Walter, Thomas and Neumann, Beate and Olma, Michael H and Peter, Matthias and Ellenberg, Jan and Gerlich, Daniel W},
  journal={Nature methods},
  volume={7},
  number={9},
  pages={747},
  year={2010},
  publisher={Nature Publishing Group}
}

@article{al2006automated,
  title={Automated cell lineage construction: a rapid method to analyze clonal development established with murine neural progenitor cells},
  author={Al-Kofahi, Omar and Radke, Richard J and Goderie, Susan K and Shen, Qin and Temple, Sally and Roysam, Badrinath},
  journal={Cell cycle},
  volume={5},
  number={3},
  pages={327--335},
  year={2006},
  publisher={Taylor \& Francis}
}

@inproceedings{bise2011reliable,
  title={Reliable cell tracking by global data association},
  author={Bise, Ryoma and Yin, Zhaozheng and Kanade, Takeo},
  booktitle={2011 IEEE International Symposium on Biomedical Imaging: From Nano to Macro},
  pages={1004--1010},
  year={2011},
  organization={IEEE}
}

